<record><leader>00000cas a22000007a 4500</leader><controlfield tag="001">11407443</controlfield><controlfield tag="008">841120d19841994caudn ne      0   a0eng d</controlfield><datafield ind1=" " ind2=" " tag="010"><subfield code="a">sn 84001923 </subfield></datafield><datafield ind1=" " ind2=" " tag="040"><subfield code="a">NSD</subfield><subfield code="b">eng</subfield><subfield code="c">NSD</subfield><subfield code="d">NNX</subfield><subfield code="d">NSD</subfield><subfield code="d">CNK</subfield><subfield code="d">OCLCQ</subfield><subfield code="d">OCLCF</subfield><subfield code="d">OCLCO</subfield></datafield><datafield ind1=" " ind2=" " tag="012"><subfield code="j">0</subfield><subfield code="m">1</subfield></datafield><datafield ind1="1" ind2=" " tag="022"><subfield code="a">8750-3948</subfield><subfield code="l">8750-3948</subfield><subfield code="2">1</subfield></datafield><datafield ind1="1" ind2=" " tag="029"><subfield code="a">AU@</subfield><subfield code="b">000020343786</subfield></datafield><datafield ind1=" " ind2=" " tag="032"><subfield code="a">532780</subfield><subfield code="b">USPS</subfield></datafield><datafield ind1=" " ind2=" " tag="037"><subfield code="b">Tahoe Daily Tribune, 3079 Harrison Ave., South Lake Tahoe, CA 95705</subfield></datafield><datafield ind1=" " ind2=" " tag="042"><subfield code="a">nsdp</subfield></datafield><datafield ind1=" " ind2=" " tag="043"><subfield code="a">n-us-ca</subfield></datafield><datafield ind1=" " ind2="0" tag="222"><subfield code="a">Tahoe daily tribune and the Lake Tahoe news</subfield></datafield><datafield ind1="0" ind2="0" tag="245"><subfield code="a">Tahoe daily tribune and the Lake Tahoe news.</subfield></datafield><datafield ind1="1" ind2=" " tag="246"><subfield code="i">On Sundays published as:</subfield><subfield code="a">Tahoe Sunday tribune</subfield><subfield code="f">June 3, 1990-Feb. 26, 1994</subfield></datafield><datafield ind1=" " ind2=" " tag="260"><subfield code="a">South Lake Tahoe, Calif. :</subfield><subfield code="b">Tahoe Daily Tribune,</subfield><subfield code="c">1984-</subfield></datafield><datafield ind1=" " ind2=" " tag="300"><subfield code="a">v. :</subfield><subfield code="b">ill.</subfield></datafield><datafield ind1=" " ind2=" " tag="310"><subfield code="a">Daily (Mon.-Fri.)</subfield></datafield><datafield ind1="0" ind2=" " tag="362"><subfield code="a">Vol. 26, no. 125 (June 22, 1984)-v. 37, no. 54 (Mar. 4, 1994).</subfield></datafield><datafield ind1=" " ind2="0" tag="651"><subfield code="a">South Lake Tahoe (Calif.)</subfield><subfield code="v">Newspapers.</subfield></datafield><datafield ind1=" " ind2="7" tag="655"><subfield code="a">Newspapers.</subfield><subfield code="2">fast</subfield><subfield code="0">(OCoLC)fst01423814</subfield></datafield><datafield ind1=" " ind2="7" tag="651"><subfield code="a">California</subfield><subfield code="z">South Lake Tahoe.</subfield><subfield code="2">fast</subfield><subfield code="0">(OCoLC)fst01221028</subfield></datafield><datafield ind1=" " ind2=" " tag="752"><subfield code="a">United States</subfield><subfield code="b">California</subfield><subfield code="c">El Dorado</subfield><subfield code="d">South Lake Tahoe.</subfield></datafield><datafield ind1="0" ind2="4" tag="780"><subfield code="t">Tahoe daily tribune</subfield><subfield code="w">(DLC)sn 86076421</subfield><subfield code="w">(OCoLC)14509976</subfield></datafield><datafield ind1="0" ind2="4" tag="780"><subfield code="t">Lake Tahoe news</subfield><subfield code="w">(DLC)sn 86076429</subfield></datafield><datafield ind1="0" ind2="0" tag="785"><subfield code="t">Tahoe daily tribune (South Lake Tahoe, Calif. : 1994)</subfield><subfield code="w">(DLC)sn 95061856</subfield></datafield><datafield ind1=" " ind2=" " tag="936"><subfield code="a">Oct. 9, 1984</subfield></datafield></record>